@article{poplmarkreloaded,
  title={POPLMark Reloaded},
  author={Abel, Andreas and Momigliano, Alberto and Pientka, Brigitte},
  journal={Proceedings of the {L}ogical {F}rameworks and {M}eta-{L}anguages: {T}heory and {P}ractice Workshop},
  year={2017},
}
@article{mitchell1991kripke,
  title={Kripke-style models for typed lambda calculus},
  author={Mitchell, John C and Moggi, Eugenio},
  journal={Annals of Pure and Applied Logic},
  volume={51},
  number={1-2},
  pages={99--124},
  year={1991},
  publisher={Elsevier}
}
@article{swierstra_2008,
  title={Data types à la carte},
  volume={18},
  DOI={10.1017/S0956796808006758},
  number={4},
  journal={Journal of Functional Programming},
  publisher={Cambridge University Press},
  author={Swiestra, Wouter},
  year={2008},
  pages={423–436}
}
@article{pierce2000local,
  title={Local type inference},
  author={Pierce, Benjamin C and Turner, David N},
  journal={ACM Transactions on Programming Languages and Systems (TOPLAS)},
  volume={22},
  number={1},
  pages={1--44},
  year={2000},
  publisher={ACM}
}
@inproceedings{Chapman:2010:GAL:1863543.1863547,
 author = {Chapman, James and Dagand, Pierre-\'{E}variste and McBride, Conor and Morris, Peter},
 title = {The Gentle Art of Levitation},
 booktitle = {Proceedings of the 15th ACM SIGPLAN International Conference on Functional Programming},
 series = {ICFP '10},
 year = {2010},
 isbn = {978-1-60558-794-3},
 location = {Baltimore, Maryland, USA},
 pages = {3--14},
 numpages = {12},
 doi = {10.1145/1863543.1863547},
 acmid = {1863547},
 publisher = {ACM},
 address = {New York, NY, USA},
 keywords = {data structure, metaprogramming, monads, proof assistants, type systems},
}
@article{Chapman:2010:GAL:1932681.1863547,
 author = {Chapman, James and Dagand, Pierre-\'{E}variste and McBride, Conor and Morris, Peter},
 title = {The Gentle Art of Levitation},
 journal = {SIGPLAN Not.},
 issue_date = {September 2010},
 volume = {45},
 number = {9},
 month = sep,
 year = {2010},
 issn = {0362-1340},
 pages = {3--14},
 numpages = {12},
 doi = {10.1145/1932681.1863547},
 acmid = {1863547},
 publisher = {ACM},
 address = {New York, NY, USA},
 keywords = {data structure, metaprogramming, monads, proof assistants, type systems},
}
@Inbook{Hamana2009,
author="Hamana, Makoto",
editor="Curien, Pierre-Louis",
title="Initial Algebra Semantics for Cyclic Sharing Structures",
bookTitle="Typed Lambda Calculi and Applications: 9th International Conference, TLCA 2009, Brasilia, Brazil, July 1-3, 2009. Proceedings",
year="2009",
publisher="Springer Berlin Heidelberg",
address="Berlin, Heidelberg",
pages="127--141",
isbn="978-3-642-02273-9",
doi="10.1007/978-3-642-02273-9_11",
}
@inproceedings{ghani2006representing,
  title={Representing cyclic structures as nested datatypes},
  author={Ghani, Neil and Hamana, Makoto and Uustalu, Tarmo and Vene, Varmo},
  booktitle={Proc. of 7th Symp. on Trends in Functional Programming, TFP},
  volume={2006},
  year={2006}
}
@inproceedings{DBLP:journals/corr/abs-1012-4896,
  author    = {Andreas Abel},
  title     = {MiniAgda: Integrating Sized and Dependent Types},
  booktitle = {Proceedings Workshop on Partiality and Recursion in Interactive Theorem
               Provers, {PAR} 2010, Edinburgh, UK, 15th July 2010.},
  pages     = {14--28},
  year      = {2010},
  crossref  = {DBLP:journals/corr/abs-1012-4555},
  doi       = {10.4204/EPTCS.43.2},
  timestamp = {Mon, 28 Oct 2013 16:56:55 +0100},
  biburl    = {http://dblp.uni-trier.de/rec/bib/journals/corr/abs-1012-4896},
  bibsource = {dblp computer science bibliography, http://dblp.org}
}
@proceedings{DBLP:journals/corr/abs-1012-4555,
  editor    = {Ana Bove and
               Ekaterina Komendantskaya and
               Milad Niqui},
  title     = {Proceedings Workshop on Partiality and Recursion in Interactive Theorem
               Provers, {PAR} 2010, Edinburgh, UK, 15th July 2010},
  series    = {{EPTCS}},
  volume    = {43},
  year      = {2010},
  doi       = {10.4204/EPTCS.43},
  timestamp = {Mon, 28 Oct 2013 16:56:55 +0100},
  biburl    = {http://dblp.uni-trier.de/rec/bib/journals/corr/abs-1012-4555},
  bibsource = {dblp computer science bibliography, http://dblp.org}
}
@Inbook{Dybjer1999,
author="Dybjer, Peter
and Setzer, Anton",
editor="Girard, Jean-Yves",
title="A Finite Axiomatization of Inductive-Recursive Definitions",
bookTitle="Typed Lambda Calculi and Applications: 4th International Conference, TLCA'99 L'Aquila, Italy, April 7--9, 1999 Proceedings",
year="1999",
publisher="Springer Berlin Heidelberg",
address="Berlin, Heidelberg",
pages="129--146",
isbn="978-3-540-48959-7",
doi="10.1007/3-540-48959-2_11",
}
@Manual{Coq:manual,
  title =        {The Coq proof assistant reference manual},
  author =       {\mbox{The Coq Development Team}},
  organization = {πr² Team},
  note =         {Version 8.6},
  year =         {2017},
  url =          {http://coq.inria.fr}
}
@unpublished{atkey2015algebraic,
  title={An Algebraic Approach to Typechecking and Elaboration},
  author={Atkey, Robert},
  year="2015",
  url={http://bentnib.org/posts/2015-04-19-algebraic-approach-typechecking-and-elaboration.html},
}
@Inbook{Altenkirch2010,
author="Altenkirch, Thorsten
and Chapman, James
and Uustalu, Tarmo",
editor="Ong, Luke",
title="Monads Need Not Be Endofunctors",
bookTitle="Foundations of Software Science and Computational Structures: 13th International Conference, FOSSACS 2010, Held as Part of the Joint European Conferences on Theory and Practice of Software, ETAPS 2010, Paphos, Cyprus, March 20-28, 2010. Proceedings",
year="2010",
publisher="Springer Berlin Heidelberg",
address="Berlin, Heidelberg",
pages="297--311",
isbn="978-3-642-12032-9",
doi="10.1007/978-3-642-12032-9_21",
}
@inproceedings{allais2017type,
 author = {Allais, Guillaume and Chapman, James and McBride, Conor and McKinna, James},
 title = {Type-and-scope Safe Programs and Their Proofs},
 booktitle = {Proceedings of the 6th ACM SIGPLAN Conference on Certified Programs and Proofs},
 series = {CPP 2017},
 year = {2017},
 isbn = {978-1-4503-4705-1},
 location = {Paris, France},
 pages = {195--207},
 numpages = {13},
 doi = {10.1145/3018610.3018613},
 acmid = {3018613},
 publisher = {ACM},
 address = {New York, NY, USA},
 keywords = {Agda, Generic Programming, Lambda-calculus, Mechanized Meta-Theory, Normalisation by Evaluation, Semantics},
} 
@article{mcbride2010ornamental,
  title={Ornamental algebras, algebraic ornaments},
  author={McBride, Conor},
  journal={Journal of functional programming},
  intype = {to appear in},
  year={2017}
}
@inproceedings{hatcliff1994generic,
  title={A generic account of continuation-passing styles},
  author={Hatcliff, John and Danvy, Olivier},
  booktitle={Proceedings of the 21st ACM SIGPLAN-SIGACT symposium on Principles of programming languages},
  pages={458--471},
  year={1994},
  organization={ACM}
}
@inproceedings{abel2013copatterns,
  title={Copatterns: programming infinite structures by observations},
  author={Abel, Andreas and Pientka, Brigitte and Thibodeau, David and Setzer, Anton},
  booktitle={ACM SIGPLAN Notices},
  volume={48},
  number={1},
  pages={27--38},
  year={2013},
  organization={ACM}
}
@article{coquand1991algorithm,
  title={An algorithm for testing conversion in type theory},
  author={Coquand, Thierry},
  journal={Logical Frameworks},
  volume={1},
  pages={255--279},
  year={1991}
}
@article{martin1982constructive,
  title={Constructive mathematics and computer programming},
  author={Martin-L{\"o}f, Per},
  journal={Studies in Logic and the Foundations of Mathematics},
  volume={104},
  pages={153--175},
  year={1982},
  publisher={Elsevier}
}
@inproceedings{atkey2009syntax,
  title={Syntax for free: Representing syntax with binding using parametricity},
  author={Atkey, Robert},
  booktitle={TLCA},
  pages={35--49},
  year={2009},
  organization={Springer}
}
@article{carette2009finally,
  title={Finally tagless, partially evaluated},
  author={Carette, Jacques and Kiselyov, Oleg and Shan, Chung-chieh},
  journal={JFP},
  year={2009},
  publisher={Citeseer}
}
@article{abel2014normalization,
  title={Normalization by evaluation in the delay monad},
  author={Abel, Andreas and Chapman, James},
  journal={MSFP 2014},
  year={2014}
}
@incollection{hughes1995design,
  title={The design of a pretty-printing library},
  author={Hughes, John},
  booktitle={AFP Summer School},
  pages={53--96},
  year={1995},
  publisher={Springer}
}
@phdthesis{chapman2009type,
  title={Type checking and normalisation},
  author={Chapman, James Maitland},
  year={2009},
  school={University of Nottingham}
}
@article{girard1972interpretation,
  title={Interpr{\'e}tation fonctionelle et {\'e}limination des coupures de l’arithm{\'e}tique d’ordre sup{\'e}rieur},
  author={Girard, Jean-Yves},
  year={1972},
  publisher={PhD thesis, Universit{\'e} Paris VII}
}
@article{wadler1990deforestation,
  title={Deforestation: Transforming programs to eliminate trees},
  author={Wadler, Philip},
  journal={TCS},
  volume={73},
  number={2},
  pages={231--248},
  year={1990},
  publisher={Elsevier}
}
@article{wadler2003prettier,
  title={A prettier printer},
  author={Wadler, Philip},
  journal={The Fun of Programming, Cornerstones of Computing},
  pages={223--243},
  year={2003},
  publisher={Citeseer}
}
@inproceedings{chlipala2008parametric,
  title={Parametric higher-order abstract syntax for mechanized semantics},
  author={Chlipala, Adam},
  booktitle={ACM Sigplan Notices},
  volume={43},
  number={9},
  pages={143--156},
  year={2008},
  organization={ACM}
}
@misc{jeffrey2011assoc,
  title={Associativity for free!},
  author={Jeffrey, Alan},
  howpublished={\url{http://thread.gmane.org/gmane.comp.lang.agda/3259}},
  year={2011},
  publisher={Agda Mailing List}
}
@article{goguen1997candidates,
  title={Candidates for substitution},
  author={Goguen, Healfdene and McKinna, James},
  journal={LFCS, Edinburgh Techreport},
  year={1997},
  publisher={UNIVERSITY OF EDINBURGH}
}
@article{gill2014domain,
  title={Domain-specific languages and code synthesis using {H}askell},
  author={Gill, Andy},
  journal={Queue},
  volume={12},
  number={4},
  pages={30},
  year={2014},
  publisher={ACM}
}
@incollection{svenningsson2013combining,
  title={Combining deep and shallow embedding for {EDSL}},
  author={Svenningsson, Josef and Axelsson, Emil},
  booktitle={TFP},
  pages={21--36},
  year={2013},
  publisher={Springer}
}
@article{hudak1996building,
  title={Building domain-specific embedded languages},
  author={Hudak, Paul},
  journal={ACM Computing Surveys (CSUR)},
  volume={28},
  number={4es},
  pages={196},
  year={1996},
  publisher={ACM}
}
@incollection{berger1993program,
  title={Program extraction from normalization proofs},
  author={Berger, Ulrich},
  booktitle={TLCA},
  pages={91--106},
  year={1993},
  publisher={Springer}
}
@article{CoqDybSK,
  title={Intuitionistic model constructions and normalization proofs},
  author={Coquand, Thierry and Dybjer, Peter},
  journal={MSCS},
  volume={7},
  number={01},
  pages={75--94},
  year={1997},
  publisher={Cambridge Univ. Press}
}
@article{lindley2014hasochism,
  title={Hasochism},
  author={Lindley, Sam and McBride, Conor},
  journal={SIGPLAN Notices},
  volume={48},
  number={12},
  pages={81--92},
  year={2014},
  publisher={ACM}
}
@article{mcbride2004view,
  title={The view from the left},
  author={McBride, Conor and McKinna, James},
  journal={JFP},
  volume={14},
  number={01},
  pages={69--111},
  year={2004},
  publisher={Cambridge Univ. Press}
}
@book{mitchell1996foundations,
  title={Foundations for programming languages},
  author={Mitchell, John C},
  volume={1},
  year={1996},
  publisher={MIT press}
}
@article{JFR4389,
	author = {Thorsten Altenkirch and James Chapman and Tarmo Uustalu},
	title = {Relative Monads Formalised},
	journal = {Journal of Formalized Reasoning},
	volume = {7},
	number = {1},
	year = {2014},
	keywords = {},
	abstract = {Relative monads are a generalisation of ordinary monads where the underlying functor need not be an endofunctor. In this paper, we describe a formalisation of the basic theory of relative monads in the interactive theorem prover and dependently typed programming language Agda. The formalisation comprises the requisite basic category theory, the central concepts of the theory of relative monads and adjunctions, which are compared to their ordinary counterparts, and two running examples from programming theory. },
	issn = {1972-5787},
	pages = {1--43},
}
@inproceedings{de1972lambda,
  title={Lambda {C}alculus Notation with Nameless Dummies},
  author={de Bruijn, Nicolaas Govert},
  booktitle={Indagationes Mathematicae},
  volume={75},
  number={5},
  pages={381--392},
  year={1972},
  organization={Elsevier}
}
@inproceedings{altenkirch1995categorical,
  title={Categorical reconstruction of a reduction free normalization proof},
  author={Altenkirch, Thorsten and Hofmann, Martin and Streicher, Thomas},
  booktitle={LNCS},
  pages={182--199},
  year={1995},
  volume={530},
  organization={Springer}
}
@article{bird_paterson_1999,
   title={de {B}ruijn notation as a nested datatype},
   volume={9},
   number={1},
   journal={Journal of Functional Programming},
   publisher={Cambridge University Press},
   author={Bird, Richard S. and Paterson, Ross},
   year={1999},
   pages={77–91}
}
@article{BELLEGARDE1994287,
title = "Substitution: A formal methods case study using monads and transformations",
journal = "Science of Computer Programming",
volume = "23",
number = "2",
pages = "287 - 311",
year = "1994",
note = "",
issn = "0167-6423",
author = "Françoise Bellegarde and James Hook",
}
@article{dybjer1994inductive,
  title={Inductive families},
  author={Dybjer, Peter},
  journal={Formal aspects of computing},
  volume={6},
  number={4},
  pages={440--465},
  year={1994},
  publisher={Springer}
}
@inproceedings{altenkirch1999monadic,
  title={Monadic presentations of lambda terms using generalized inductive types},
  author={Altenkirch, Thorsten and Reus, Bernhard},
  booktitle={CSL},
  pages={453--468},
  year={1999},
  organization={Springer}
}
@article{dybjer1991inductive,
  title={Inductive sets and families in {M}artin-{ L}{\"o}f’s type theory and their set-theoretic semantics},
  author={Dybjer, Peter},
  journal={Logical Frameworks},
  volume={2},
  pages={6},
  year={1991}
}
@article{eisenberg2013dependently,
  title={Dependently typed programming with singletons},
  author={Eisenberg, Richard A and Weirich, Stephanie},
  journal={SIGPLAN Notices},
  volume={47},
  number={12},
  pages={117--130},
  year={2013},
  publisher={ACM}
}
@incollection{norell2009dependently,
  title={Dependently typed programming in {A}gda},
  author={Norell, Ulf},
  booktitle={AFP Summer School},
  pages={230--266},
  year={2009},
  publisher={Springer}
}
@unpublished{danvytagless,
  title={Tagless and Typeful Normalization by Evaluation using Generalized Algebraic Data Types},
  author={Danvy, Olivier and Keller, Chantal and Puech, Matthias},
  year={2013}
}  
@article{reynolds1983types,
  title={Types, abstraction and parametric polymorphism},
  author={Reynolds, John C},
  year={1983}
}
@article{bernardy2013type,
  title={Type-theory in color},
  author={Bernardy, Jean-Philippe and Moulin, Guilhem},
  journal={SIGPLAN Notices},
  volume={48},
  number={9},
  pages={61--72},
  year={2013},
  publisher={ACM}
}
@article{wiedijk2012pollack,
  title={Pollack-inconsistency},
  author={Wiedijk, Freek},
  journal={ENTCS},
  volume={285},
  pages={85--100},
  year={2012},
  publisher={Elsevier}
}
@incollection{danvy1999type,
  title={Type-directed partial evaluation},
  author={Danvy, Olivier},
  booktitle={Partial Evaluation},
  pages={367--411},
  year={1999},
  publisher={Springer}
}
@inproceedings{berger1991inverse,
  title={An inverse of the evaluation functional for typed $\lambda$-calculus},
  author={Berger, Ulrich and Schwichtenberg, Helmut},
  booktitle={LICS},
  pages={203--211},
  year={1991},
  organization={IEEE}
}
@article{coquand2002formalised,
  title={A formalised proof of the soundness and completeness of a simply typed lambda-calculus with explicit substitutions},
  author={Coquand, Catarina},
  journal={Higher-Order and Symbolic Computation},
  volume={15},
  number={1},
  pages={57--90},
  year={2002},
  publisher={Springer}
}
@article{benton2012strongly,
  title={Strongly typed term representations in {C}oq},
  author={Benton, Nick and Hur, Chung-Kil and Kennedy, Andrew J and McBride, Conor},
  journal={JAR},
  volume={49},
  number={2},
  pages={141--159},
  year={2012},
  publisher={Springer}
}
@article{mcbride2005type,
  title={Type-preserving renaming and substitution},
  author={McBride, Conor},
  year={2005},
  publisher={Citeseer}
}
@incollection{garillot2009packaging,
  title={Packaging mathematical structures},
  author={Garillot, Fran{\c{c}}ois and Gonthier, Georges and Mahboubi, Assia and Rideau, Laurence},
  booktitle={TPHOLs},
  pages={327--342},
  year={2009},
  publisher={Springer}
}
@incollection{danielsson2011parsing,
  title={Parsing mixfix operators},
  author={Danielsson, Nils Anders and Norell, Ulf},
  booktitle={IFL},
  pages={80--99},
  year={2011},
  publisher={Springer}
}
@article{moggi1991notions,
  title={Notions of computation and monads},
  author={Moggi, Eugenio},
  journal={Information and Computation},
  volume={93},
  number={1},
  pages={55--92},
  year={1991},
  publisher={Elsevier}
}

@misc{repo,
  author = {Guillaume Allais and James Chapman and Conor McBride and James McKinna},
  title = {Type-and-Scope Safe Programs and Their Proofs -- Agda Formalization},
  doi = {10.15129},
  note = {Also from github \url{https://github.com/gallais/type-scope-semantics}}}
